# Página web (Wikipedia)
@misc{EulerWiki,
  author = {Wikipedia},
  title = {{L}eonhard {E}uler --- {W}ikipedia{,} The Free Encyclopedia},
  year = {2023},
  howpublished={\url{https://en.wikipedia.org/wiki/Leonhard_Euler}},
  url={\url{https://en.wikipedia.org/wiki/Leonhard_Euler}},
  note={[Recurso online, accedido el 27 de julio de 2023]}
}

# Libro
@book {Aigner2018,
    AUTHOR = {Aigner, Martin and Ziegler, G\"{u}nter M.},
     TITLE = {Proofs from {T}he {B}ook},
   EDITION = {Fifth},
      NOTE = {Including illustrations by Karl H. Hofmann},
 PUBLISHER = {Springer-Verlag, Berlin},
      YEAR = {2014},
     PAGES = {viii+308},
      ISBN = {978-3-662-44204-3; 978-3-662-44205-0},
       DOI = {10.1007/978-3-662-44205-0},
       URL = {https://doi.org/10.1007/978-3-662-44205-0},
}

@book{Ben-David2009,
    AUTHOR = {Ben-David, Shai},
    TITLE = {Theory-Practice Interplay in Machine Learning - Emerging Theoretical Challenges},
    BOOKTITLE = {Machine Learning and Knowledge Discovery in Databases. ECML PKDD 2009},
    EDITORS = {Buntine, W., Grobelnik, M., Mladenić, D., Shawe-Taylor, J.},
    SERIES = {Lecture Notes in Computer Science},
    VOLUME = {5781},
    PUBLISHER = {Springer},
    YEAR = {2009},
    PAGES = {1-13},
    DOI = {10.1007/978-3-642-04180-8_1},
    URL = {https://doi.org/10.1007/978-3-642-04180-8_1}
}

@book{Bishop1995,
  added-at = {2018-06-03T02:31:54.000+0200},
  author = {Bishop, Christopher M.},
  biburl = {https://www.bibsonomy.org/bibtex/2d0617b6f86ffb0e84b77a14f2810e72b/mabdelaal86},
  interhash = {e7e5ff5e89d29b7fa2787aad12bea123},
  intrahash = {d0617b6f86ffb0e84b77a14f2810e72b},
  keywords = {imported},
  publisher = {Oxford University Press},
  timestamp = {2018-06-03T22:18:00.000+0200},
  title = {Neural Networks for Pattern Recognition},
  year = 1995
}

@book{Ripley1996, 
  place={Cambridge}, 
  title={Pattern Recognition and Neural Networks}, 
  publisher={Cambridge University Press}, 
  author={Ripley, Brian D.}, 
  year={1996}
}

@book {Dembo2014,
    AUTHOR = {Dembo, Amir},
     TITLE = {Probability Theory: STAT310/MATH230},
 PUBLISHER = {CreateSpace Independent Publishing Platform},
      YEAR = {2014},
      ISBN = {1502955652, 9781502955654},
}

@book {Knill2009,
    AUTHOR = {Knill, Oliver},
     TITLE = {Probability Theory and Stochastic Processes with Applications},
 PUBLISHER = {Overseas Press},
      YEAR = {2009},
      ISBN = {8189938401},
}

@book {Kolmogorov1956,
    AUTHOR = {Kolmogorov, A.N.},
     TITLE = {Foundations Of The Theory Of Probability},
 PUBLISHER = {Chelsea Publising Company},
      YEAR = {1956},
      ISBN = {1614275149},
}

@book {Bryc1995TheND,
  title={The Normal Distribution: Characterizations with Applications},
  author={Włodzimierz Bryc},
  year={1995},
  publisher={Springer New York, NY},
  ISBN = {978-0-387-97990-8},
  url={https://api.semanticscholar.org/CorpusID:122459054}
}

@book{Mostafa2012,
  added-at = {2019-10-11T10:10:38.000+0200},
  author = {Abu-Mostafa, Yaser S. and Magdon-Ismail, Malik and Lin, Hsuan-Tien},
  biburl = {https://www.bibsonomy.org/bibtex/2079c807902a5b01cf801a8c7cec519ed/lopusz_kdd},
  description = {Learning From Data: Yaser S. Abu-Mostafa, Malik Magdon-Ismail, Hsuan-Tien Lin: 9781600490064: Amazon.com: Books},
  interhash = {5665353d0134ff1dea4ae32e99335a76},
  intrahash = {079c807902a5b01cf801a8c7cec519ed},
  keywords = {general_machine_learning},
  publisher = {AMLBook},
  timestamp = {2019-10-12T23:47:07.000+0200},
  title = {Learning From Data},
  year = 2012
}

@book{Bishop2006,
  archiveprefix = {arXiv},
  arxivid = {0-387-31073-8},
  author = {Bishop, Christopher M},
  biburl = {https://www.bibsonomy.org/bibtex/2003de0b1441a82a16d0e33b4a9315dc5/graeb},
  booktitle = {Pattern Recognition},
  chapter = {Graphical},
  doi = {10.1117/1.2819119},
  eprint = {0-387-31073-8},
  interhash = {2c106f24cf8e31f168166791080bfc89},
  intrahash = {003de0b1441a82a16d0e33b4a9315dc5},
  isbn = {9780387310732},
  issn = {10179909},
  keywords = {imported},
  pages = 738,
  pmid = {8943268},
  publisher = {Springer},
  series = {Information science and statistics},
  timestamp = {2014-02-01T23:54:48.000+0100},
  title = {{Pattern Recognition and Machine Learning}},
  url = {http://www.library.wisc.edu/selectedtocs/bg0137.pdf},
  volume = 4,
  year = 2006
}

@book{Bishop2023,
  added-at = {2023-12-18T14:11:13.000+0100},
  author = {Bishop, Christopher Michael and Bishop, Hugh},
  biburl = {https://www.bibsonomy.org/bibtex/270baa8090e176cea7e3b9c3210fd18f0/ng9q1nfk},
  doi = {https://doi.org/10.1007/978-3-031-45468-4},
  edition = 1,
  interhash = {7c6c84136d9d592af1f904257d185fec},
  intrahash = {70baa8090e176cea7e3b9c3210fd18f0},
  isbn = {978-3-031-45468-4},
  keywords = {book deep_learning_survey},
  language = {english},
  timestamp = {2023-12-18T14:11:13.000+0100},
  title = {Deep Learning - Foundations and Concepts},
  year = 2023
}

@article{LeCun1989,
  added-at = {2021-05-11T16:35:28.000+0200},
  author = {LeCun, Y. and Boser, B. and Denker, J. S. and Henderson, D. and Howard, R. E. and Hubbard, W. and Jackel, L. D.},
  biburl = {https://www.bibsonomy.org/bibtex/296c98d6adbcfbbea71385179ed056128/nilsd},
  interhash = {f532aea0ac3d409fbcae2c9ce8d5d1a2},
  intrahash = {96c98d6adbcfbbea71385179ed056128},
  journal = {Neural Computation},
  keywords = {},
  pages = {541-551},
  timestamp = {2021-05-11T16:35:28.000+0200},
  title = {Backpropagation Applied to Handwritten Zip Code Recognition},
  volume = 1,
  year = 1989
}

@misc{CNNSwapna,
  author = {Swapna},
  title = {{C}onvolutional {N}eural {N}etwork | {D}eep {L}earning},
  year = {2020},
  howpublished={\url{https://developersbreach.com/convolution-neural-network-deep-learning/}},
  url={\url{https://developersbreach.com/convolution-neural-network-deep-learning/}},
  note={[Recurso online, accedido el 19 de febrero de 2025]}
}

@misc{Saha2018,
  author = {Sumit Saha},
  title = {A Comprehensive Guide to Convolutional Neural Networks — the ELI5 way},
  year = {2018},
  howpublished={\url{https://medium.com/towards-data-science/a-comprehensive-guide-to-convolutional-neural-networks-the-eli5-way-3bd2b1164a53}},
  url={\url{https://medium.com/towards-data-science/a-comprehensive-guide-to-convolutional-neural-networks-the-eli5-way-3bd2b1164a53}},
  note={[Recurso online, accedido el 19 de febrero de 2025]}
}

@article{LeCun1998,
  added-at = {2024-01-23T20:41:12.000+0100},
  author = {LeCun, Yann and Bottou, L{'e}on and Bengio, Yoshua and Haffner, Patrick},
  biburl = {https://www.bibsonomy.org/bibtex/286254788cf437f0e2b1e4313e6a7dd5d/comprevace},
  interhash = {7a82cccacd23cf06b25ff5325a6c86c7},
  intrahash = {86254788cf437f0e2b1e4313e6a7dd5d},
  journal = {Proceedings of the IEEE},
  keywords = {distillation},
  number = 11,
  pages = {2278–2324},
  publisher = {IEEE},
  timestamp = {2024-01-23T20:41:12.000+0100},
  title = {Gradient-based learning applied to document recognition},
  volume = 86,
  year = 1998
}

@article{Mallat2016,
   title={Understanding deep convolutional networks},
   volume={374},
   ISSN={1471-2962},
   url={http://dx.doi.org/10.1098/rsta.2015.0203},
   DOI={10.1098/rsta.2015.0203},
   number={2065},
   journal={Philosophical Transactions of the Royal Society A: Mathematical, Physical and Engineering Sciences},
   publisher={The Royal Society},
   author={Mallat, Stéphane},
   year={2016},
   month=apr, pages={20150203} }

@book{Prince2023,
  added-at = {2023-11-14T15:20:58.000+0100},
  author = {Prince, Simon J.D.},
  biburl = {https://www.bibsonomy.org/bibtex/2438c27cecea43f37cc2c236dd7cd1c99/jaeschke},
  description = {udlbook},
  interhash = {55af6d55bbeb951933d00c72406b9e14},
  intrahash = {438c27cecea43f37cc2c236dd7cd1c99},
  keywords = {book deeplearning ml network neural},
  publisher = {MIT Press},
  timestamp = {2023-11-14T15:20:58.000+0100},
  title = {Understanding Deep Learning},
  url = {http://udlbook.com},
  year = 2023
}

@article{LeCun2015,
  added-at = {2022-01-19T10:28:11.000+0100},
  author = {LeCun, Yann and Bengio, Yoshua and Hinton, Geoffrey},
  biburl = {https://www.bibsonomy.org/bibtex/2fcb4570f4481d2e36239cc683ce7261e/msteininger},
  interhash = {6e8511bc64ba3e808ebf330db96a4ea5},
  intrahash = {fcb4570f4481d2e36239cc683ce7261e},
  journal = {nature},
  keywords = {imported},
  number = 7553,
  pages = 436,
  publisher = {Nature Publishing Group},
  timestamp = {2022-01-19T10:28:11.000+0100},
  title = {Deep learning},
  volume = 521,
  year = 2015
}

@book{Goodfellow2016,
  added-at = {2017-03-13T20:27:27.000+0100},
  author = {Goodfellow, Ian and Bengio, Yoshua and Courville, Aaron},
  biburl = {https://www.bibsonomy.org/bibtex/2175f81afff897a68829e4d30c080a8fb/hotho},
  interhash = {62814dec510d5c55b0b38ad85a6c748d},
  intrahash = {175f81afff897a68829e4d30c080a8fb},
  keywords = {book deep learning toread},
  note = {Book in preparation for MIT Press},
  publisher = {MIT Press},
  timestamp = {2017-04-14T13:44:20.000+0200},
  title = {Deep Learning},
  url = {http://www.deeplearningbook.org},
  year = 2016
}


@article{Schmidhuber2015,
   title={Deep learning in neural networks: An overview},
   volume={61},
   ISSN={0893-6080},
   url={http://dx.doi.org/10.1016/j.neunet.2014.09.003},
   DOI={10.1016/j.neunet.2014.09.003},
   journal={Neural Networks},
   publisher={Elsevier BV},
   author={Schmidhuber, Jürgen},
   year={2015},
   month=jan, pages={85-117} 
}

@book{Murphy2022,
  author = "Kevin P. Murphy",
  title = "Probabilistic Machine Learning: An introduction",
  publisher = "MIT Press",
  year = 2022,
  url = "http://probml.github.io/book1"
}

@book{Murphy2023,
  author = "Kevin P. Murphy",
  title = "Probabilistic Machine Learning: Advanced Topics",
  publisher = "MIT Press",
  year = 2023,
  url = "http://probml.github.io/book2"
}

@book{Friedberg2014linear,
  title={Linear Algebra},
  author={Friedberg, S.H. and Insel, A.J. and Spence, L.E.},
  isbn={9780321998897},
  url={https://books.google.es/books?id=KyB0DAAAQBAJ},
  year={2014},
  publisher={Pearson Education}
}

@book{Strang2023,
  title={Introduction to Linear Algebra},
  author={Strang, Gilbert},
  place={Cambridge}, 
  edition={6},
  publisher={CUP},
  year={2023}
}

@article{Geman1992,
  added-at = {2007-09-05T16:48:50.000+0200},
  address = {Cambridge, MA, USA},
  author = {Geman, Stuart and Bienenstock, Elie and Doursat, René},
  biburl = {https://www.bibsonomy.org/bibtex/23a1b80127bf67d5a654428704999b958/sb3000},
  interhash = {0b7c767562b5cad476df040cbc4e44fd},
  intrahash = {3a1b80127bf67d5a654428704999b958},
  issn = {0899-7667},
  journal = {Neural Computation},
  keywords = {learning theory},
  number = 1,
  pages = {1--58},
  publisher = {MIT Press},
  timestamp = {2007-09-05T16:48:50.000+0200},
  title = {Neural Networks and the Bias/Variance Dilemma},
  url = {http://portal.acm.org/citation.cfm?id=148062},
  volume = 4,
  year = 1992
}

@inproceedings{Krizhevsky2012,
 author = {Krizhevsky, Alex and Sutskever, Ilya and Hinton, Geoffrey E},
 booktitle = {Advances in Neural Information Processing Systems},
 editor = {F. Pereira and C.J. Burges and L. Bottou and K.Q. Weinberger},
 pages = {},
 publisher = {Curran Associates, Inc.},
 title = {ImageNet Classification with Deep Convolutional Neural Networks},
 url = {https://proceedings.neurips.cc/paper_files/paper/2012/file/c399862d3b9d6b76c8436e924a68c45b-Paper.pdf},
 volume = {25},
 year = {2012}
}

@misc{Goldblum2024,
      title={The No Free Lunch Theorem, Kolmogorov Complexity, and the Role of Inductive Biases in Machine Learning}, 
      author={Micah Goldblum and Marc Finzi and Keefer Rowan and Andrew Gordon Wilson},
      year={2024},
      eprint={2304.05366},
      archivePrefix={arXiv},
      primaryClass={cs.LG},
      url={https://arxiv.org/abs/2304.05366}, 
}

@misc{Maddox2020,
      title={Rethinking Parameter Counting in Deep Models: Effective Dimensionality Revisited}, 
      author={Wesley J. Maddox and Gregory Benton and Andrew Gordon Wilson},
      year={2020},
      eprint={2003.02139},
      archivePrefix={arXiv},
      primaryClass={cs.LG},
      url={https://arxiv.org/abs/2003.02139}, 
}

@misc{Huang2019,
      title={GPipe: Efficient Training of Giant Neural Networks using Pipeline Parallelism}, 
      author={Yanping Huang and Youlong Cheng and Ankur Bapna and Orhan Firat and Mia Xu Chen and Dehao Chen and HyoukJoong Lee and Jiquan Ngiam and Quoc V. Le and Yonghui Wu and Zhifeng Chen},
      year={2019},
      eprint={1811.06965},
      archivePrefix={arXiv},
      primaryClass={cs.CV},
      url={https://arxiv.org/abs/1811.06965}, 
}


@InProceedings{Balestriero2018,
  title = 	 {A Spline Theory of Deep Learning},
  author =       {Balestriero, Randall and richard baraniuk},
  booktitle = 	 {Proceedings of the 35th International Conference on Machine Learning},
  pages = 	 {374--383},
  year = 	 {2018},
  editor = 	 {Dy, Jennifer and Krause, Andreas},
  volume = 	 {80},
  series = 	 {Proceedings of Machine Learning Research},
  month = 	 {10--15 Jul},
  publisher =    {PMLR},
  url = 	 {https://proceedings.mlr.press/v80/balestriero18b.html},
}

@misc{Nakkiran2019,
      title={Deep Double Descent: Where Bigger Models and More Data Hurt}, 
      author={Preetum Nakkiran and Gal Kaplun and Yamini Bansal and Tristan Yang and Boaz Barak and Ilya Sutskever},
      year={2019},
      eprint={1912.02292},
      archivePrefix={arXiv},
      primaryClass={cs.LG},
      url={https://arxiv.org/abs/1912.02292}, 
}

@misc{Thompson2022,
      title={The Computational Limits of Deep Learning}, 
      author={Neil C. Thompson and Kristjan Greenewald and Keeheon Lee and Gabriel F. Manso},
      year={2022},
      eprint={2007.05558},
      archivePrefix={arXiv},
      primaryClass={cs.LG},
      url={https://arxiv.org/abs/2007.05558}, 
}

@misc{Cottier2025,
      title={The rising costs of training frontier AI models}, 
      author={Ben Cottier and Robi Rahman and Loredana Fattorini and Nestor Maslej and Tamay Besiroglu and David Owen},
      year={2025},
      eprint={2405.21015},
      archivePrefix={arXiv},
      primaryClass={cs.CY},
      url={https://arxiv.org/abs/2405.21015}, 
}

@inproceedings{Krogh1991,
  author = {Krogh, Anders and Hertz, John A.},
  title = {A simple weight decay can improve generalization},
  year = {1991},
  isbn = {1558602224},
  publisher = {Morgan Kaufmann Publishers Inc.},
  address = {San Francisco, CA, USA},
  booktitle = {Proceedings of the 5th International Conference on Neural Information Processing Systems},
  pages = {950-957},
  numpages = {8},
  location = {Denver, Colorado},
  series = {NIPS'91}
}

@article{Vallet1989,
doi = {10.1209/0295-5075/9/4/003},
url = {https://dx.doi.org/10.1209/0295-5075/9/4/003},
year = {1989},
month = {jun},
publisher = {},
volume = {9},
number = {4},
pages = {315},
author = {F. Vallet and J.-G. Cailton and Ph Refregier},
title = {Linear and Nonlinear Extension of the Pseudo-Inverse Solution for Learning Boolean Functions},
journal = {Europhysics Letters},
abstract = {We consider in this letter the pseudo-inverse solution for the learning of a binary classification. We address the problem of overfitting, i.e. the fact that the generalization rate can be relatively low although the learning rate is very high. We interpret this phenomenon with respect to the behaviour of the small eigenvalues of the covariance matrix of the learned patterns. We propose two ways for solving this problem: the first one is linear, the second one is a two-layer perceptron. Numerical simulations are given to illustrate these approaches.}
}

@inproceedings{Michael2018,
title={On the Information Bottleneck Theory of Deep Learning},
author={Andrew Michael Saxe and Yamini Bansal and Joel Dapello and Madhu Advani and Artemy Kolchinsky and Brendan Daniel Tracey and David Daniel Cox},
booktitle={International Conference on Learning Representations},
year={2018},
url={https://openreview.net/forum?id=ry_WPG-A-},
}

@misc{Neal2019,
      title={A Modern Take on the Bias-Variance Tradeoff in Neural Networks}, 
      author={Brady Neal and Sarthak Mittal and Aristide Baratin and Vinayak Tantia and Matthew Scicluna and Simon Lacoste-Julien and Ioannis Mitliagkas},
      year={2019},
      eprint={1810.08591},
      archivePrefix={arXiv},
      primaryClass={cs.LG},
      url={https://arxiv.org/abs/1810.08591}, 
}

@book{Kamath2019,
  author = {Kamath, Uday and Liu, John and Whitaker, James},
  year = {2019},
  month = {01},
  pages = {},
  title = {Deep Learning for NLP and Speech Recognition},
  isbn = {978-3-030-14595-8},
  doi = {10.1007/978-3-030-14596-5}
}

@article{Lauriola2022,
  author = {Lauriola, Ivano and Lavelli, Alberto and Aiolli, Fabio},
  title = {An introduction to Deep Learning in Natural Language Processing: Models, techniques, and tools},
  year = {2022},
  issue_date = {Jan 2022},
  publisher = {Elsevier Science Publishers B. V.},
  address = {NLD},
  volume = {470},
  number = {C},
  issn = {0925-2312},
  url = {https://doi.org/10.1016/j.neucom.2021.05.103},
  doi = {10.1016/j.neucom.2021.05.103},
  journal = {Neurocomput.},
  month = jan,
  pages = {443-456},
  numpages = {14},
  keywords = {99-00, 00-01, Software, Language Models, Transformer, Natural Language Processing, Deep Learning}
}

@inbook{Berner2022,
   title={The Modern Mathematics of Deep Learning},
   ISBN={9781316516782},
   url={http://dx.doi.org/10.1017/9781009025096.002},
   DOI={10.1017/9781009025096.002},
   booktitle={Mathematical Aspects of Deep Learning},
   publisher={Cambridge University Press},
   author={Berner, Julius and Grohs, Philipp and Kutyniok, Gitta and Petersen, Philipp},
   year={2022},
   month=dec, pages={1-111} 
}

@article{Elasri2022,
  title={Image Generation: A Review},
  author={Mohamed Elasri and Omar Elharrouss and Somaya Ali Al-Maadeed and Hamid Tairi},
  journal={Neural Processing Letters},
  year={2022},
  volume={54},
  pages={4609-4646},
  url={https://api.semanticscholar.org/CorpusID:247416070}
}

@misc{Ruthotto2021,
      title={An Introduction to Deep Generative Modeling}, 
      author={Lars Ruthotto and Eldad Haber},
      year={2021},
      eprint={2103.05180},
      archivePrefix={arXiv},
      primaryClass={cs.LG},
      url={https://arxiv.org/abs/2103.05180}, 
}

@misc{Szegedy2014,
      title={Going Deeper with Convolutions}, 
      author={Christian Szegedy and Wei Liu and Yangqing Jia and Pierre Sermanet and Scott Reed and Dragomir Anguelov and Dumitru Erhan and Vincent Vanhoucke and Andrew Rabinovich},
      year={2014},
      eprint={1409.4842},
      archivePrefix={arXiv},
      primaryClass={cs.CV},
      url={https://arxiv.org/abs/1409.4842}, 
}

@misc{Gissin2019,
      title={The Implicit Bias of Depth: How Incremental Learning Drives Generalization}, 
      author={Daniel Gissin and Shai Shalev-Shwartz and Amit Daniely},
      year={2019},
      eprint={1909.12051},
      archivePrefix={arXiv},
      primaryClass={cs.LG},
      url={https://arxiv.org/abs/1909.12051}, 
}


@misc{Soudry2024,
      title={The Implicit Bias of Gradient Descent on Separable Data}, 
      author={Daniel Soudry and Elad Hoffer and Mor Shpigel Nacson and Suriya Gunasekar and Nathan Srebro},
      year={2024},
      eprint={1710.10345},
      archivePrefix={arXiv},
      primaryClass={stat.ML},
      url={https://arxiv.org/abs/1710.10345}, 
}

@misc{Wilson2025,
      title={Deep Learning is Not So Mysterious or Different}, 
      author={Andrew Gordon Wilson},
      year={2025},
      eprint={2503.02113},
      archivePrefix={arXiv},
      primaryClass={cs.LG},
      url={https://arxiv.org/abs/2503.02113}, 
}

@misc{Huang2020,
      title={Understanding Generalization through Visualizations}, 
      author={W. Ronny Huang and Zeyad Emam and Micah Goldblum and Liam Fowl and J. K. Terry and Furong Huang and Tom Goldstein},
      year={2020},
      eprint={1906.03291},
      archivePrefix={arXiv},
      primaryClass={cs.LG},
      url={https://arxiv.org/abs/1906.03291}, 
}

@article{DeVore1998,
	title = {Nonlinear approximation},
	volume = {7},
	copyright = {https://www.cambridge.org/core/terms},
	issn = {0962-4929, 1474-0508},
	url = {https://www.cambridge.org/core/product/identifier/S0962492900002816/type/journal_article},
	doi = {10.1017/S0962492900002816},
	language = {en},
	urldate = {2025-04-03},
	journal = {Acta Numerica},
	author = {DeVore, Ronald A.},
	month = jan,
	year = {1998},
	pages = {51--150},
}

@article{DeVore1996,
  author = {DeVore, Ronald and Temlyakov, V.},
  year = {1996},
  month = {12},
  pages = {173-187},
  title = {Some remarks on greedy algorithm},
  volume = {5},
  journal = {Advances in Computational Mathematics},
  doi = {10.1007/BF02124742}
  }

@misc{Li2018,
      title={Visualizing the Loss Landscape of Neural Nets}, 
      author={Hao Li and Zheng Xu and Gavin Taylor and Christoph Studer and Tom Goldstein},
      year={2018},
      eprint={1712.09913},
      archivePrefix={arXiv},
      primaryClass={cs.LG},
      url={https://arxiv.org/abs/1712.09913}, 
}

@article{Krizhevsky2009,
    title= {CIFAR-10 and CIFAR-100 (Canadian Institute for Advanced Research)},
    journal= {},
    author= {Alex Krizhevsky and Vinod Nair and Geoffrey Hinton},
    year= {},
    url= {http://www.cs.toronto.edu/~kriz/cifar.html},
    keywords= {Dataset},
}

@incollection{NEURIPS2019_9015,
title = {PyTorch: An Imperative Style, High-Performance Deep Learning Library},
author = {Paszke, Adam and Gross, Sam and Massa, Francisco and Lerer, Adam and Bradbury, James and Chanan, Gregory and Killeen, Trevor and Lin, Zeming and Gimelshein, Natalia and Antiga, Luca and Desmaison, Alban and Kopf, Andreas and Yang, Edward and DeVito, Zachary and Raison, Martin and Tejani, Alykhan and Chilamkurthy, Sasank and Steiner, Benoit and Fang, Lu and Bai, Junjie and Chintala, Soumith},
booktitle = {Advances in Neural Information Processing Systems 32},
pages = {8024--8035},
year = {2019},
publisher = {Curran Associates, Inc.},
url = {http://papers.neurips.cc/paper/9015-pytorch-an-imperative-style-high-performance-deep-learning-library.pdf}
}

@misc{He2015,
      title={Deep Residual Learning for Image Recognition}, 
      author={Kaiming He and Xiangyu Zhang and Shaoqing Ren and Jian Sun},
      year={2015},
      eprint={1512.03385},
      archivePrefix={arXiv},
      primaryClass={cs.CV},
      url={https://arxiv.org/abs/1512.03385}, 
}

@misc{Nilsback2008,
  author    = {M. A. Nilsback and A. Zisserman},
  title     = {A Visual Vocabulary for Flower Classification},
  year      = {2008},
  howpublished = {Available at \url{http://www.robots.ox.ac.uk/~vgg/data/flowers/102/}},
}

@inproceedings{LeCun2005TheMD,
  title={The mnist database of handwritten digits},
  author={Yann LeCun and Corinna Cortes},
  year={2005},
  url={https://api.semanticscholar.org/CorpusID:60282629}
}

@book{Hastie2001,
  added-at = {2008-05-16T16:17:42.000+0200},
  address = {New York, NY, USA},
  author = {Hastie, Trevor and Tibshirani, Robert and Friedman, Jerome},
  biburl = {https://www.bibsonomy.org/bibtex/2f58afc5c9793fcc8ad8389824e57984c/sb3000},
  interhash = {d585aea274f2b9b228fc1629bc273644},
  intrahash = {f58afc5c9793fcc8ad8389824e57984c},
  keywords = {ml statistics},
  publisher = {Springer New York Inc.},
  series = {Springer Series in Statistics},
  timestamp = {2008-05-16T16:17:43.000+0200},
  title = {The Elements of Statistical Learning},
  year = 2001
}


@InProceedings{Bengio2010,
  title = 	 {Understanding the difficulty of training deep feedforward neural networks},
  author = 	 {Glorot, Xavier and Bengio, Yoshua},
  booktitle = 	 {Proceedings of the Thirteenth International Conference on Artificial Intelligence and Statistics},
  pages = 	 {249--256},
  year = 	 {2010},
  volume = 	 {9},
  series = 	 {Proceedings of Machine Learning Research},
  month = 	 {13--15 May},
  publisher =    {PMLR},
  pdf = 	 {http://proceedings.mlr.press/v9/glorot10a/glorot10a.pdf},
  url = 	 {https://proceedings.mlr.press/v9/glorot10a.html}
}


@book{Poole2011,
  title = {Álgebra lineal. Una introducción moderna},
	author = {Poole, David},
  edition = {3},
	publisher = {Cengage Learning},
	year = {2011}
}

@incollection{Opper1995,
  author = {Manfred Opper},
  title = {Statistical mechanics of learning: Generalization},
  booktitle = {The Handbook of Brain Theory and Neural Networks},
  pages = {922--925},
  publisher = {Springer-Verlag},
  year = {1995}
}

@incollection{Opper2001,
  author = {Manfred Opper},
  title = {Learning to generalize},
  booktitle = {Frontiers of Life},
  volume = {3, Part 2},
  publisher = {Academic Press},
  pages = {763--775},
  year = {2001}
}

@misc{Advani2017,
  title={High-dimensional dynamics of generalization error in neural networks}, 
  author={Madhu S. Advani and Andrew M. Saxe},
  year={2017},
  eprint={1710.03667},
  archivePrefix={arXiv},
  primaryClass={stat.ML},
  url={https://arxiv.org/abs/1710.03667}, 
}

@article{Spigler2019,
   title={A jamming transition from under- to over-parametrization affects generalization in deep learning},
   volume={52},
   ISSN={1751-8121},
   url={http://dx.doi.org/10.1088/1751-8121/ab4c8b},
   DOI={10.1088/1751-8121/ab4c8b},
   number={47},
   journal={Journal of Physics A: Mathematical and Theoretical},
   publisher={IOP Publishing},
   author={Spigler, S and Geiger, M and d'Ascoli, S and Sagun, L and Biroli, G and Wyart, M},
   year={2019},
   month=oct, pages={474001} 
}

@article{Zhang2021,
  author = {Zhang, Chiyuan and Bengio, Samy and Hardt, Moritz and Recht, Benjamin and Vinyals, Oriol},
  title = {Understanding deep learning (still) requires rethinking generalization},
  year = {2021},
  issue_date = {March 2021},
  publisher = {Association for Computing Machinery},
  address = {New York, NY, USA},
  volume = {64},
  number = {3},
  issn = {0001-0782},
  url = {https://doi.org/10.1145/3446776},
  doi = {10.1145/3446776},
  journal = {Commun. ACM},
  month = feb,
  pages = {107–115},
  numpages = {9}
}

@article{Blumer1987,
  added-at = {2019-04-05T12:36:59.000+0200},
  author = {BLUMER, Anselm and EHRENFEUCHT, Andrzej and HAUSSLER, David and WARMUTH, Manfred K.},
  description = {J9.pdf},
  interhash = {8a6a7fbc7dbed1410efeb31f6fe518a2},
  intrahash = {3db8db5bf317781a562ea3a626bf6edf},
  keywords = {machine-learning theory},
  timestamp = {2019-04-05T12:36:59.000+0200},
  title = {OCCAM'S RAZOR},
  url = {https://users.soe.ucsc.edu/~manfred/pubs/J9.pdf},
  year = 1987
}

@misc{Schaeffer2023,
  title={Double Descent Demystified: Identifying, Interpreting \& Ablating the Sources of a Deep Learning Puzzle},
  author={Rylan Schaeffer and Mikail Khona and Zachary Robertson and Akhilan Boopathy and Kateryna Pistunova and Jason W. Rocks and Ila Rani Fiete and Oluwasanmi Koyejo},
  year={2023},
  eprint={2303.14151},
  archivePrefix={arXiv},
  primaryClass={cs.LG},
  url={https://arxiv.org/abs/2303.14151}
}

@misc{Diederik2017,
      title={Adam: A Method for Stochastic Optimization}, 
      author={Diederik P. Kingma and Jimmy Ba},
      year={2017},
      eprint={1412.6980},
      archivePrefix={arXiv},
      primaryClass={cs.LG},
      url={https://arxiv.org/abs/1412.6980}, 
}

@misc{Mingard2023,
      title={Do deep neural networks have an inbuilt Occam's razor?}, 
      author={Chris Mingard and Henry Rees and Guillermo Valle-Pérez and Ard A. Louis},
      year={2023},
      eprint={2304.06670},
      archivePrefix={arXiv},
      primaryClass={cs.LG},
      url={https://arxiv.org/abs/2304.06670}, 
}

@misc{Yang2020,
      title={Rethinking Bias-Variance Trade-off for Generalization of Neural Networks}, 
      author={Zitong Yang and Yaodong Yu and Chong You and Jacob Steinhardt and Yi Ma},
      year={2020},
      eprint={2002.11328},
      archivePrefix={arXiv},
      primaryClass={cs.LG},
      url={https://arxiv.org/abs/2002.11328}, 
}

@misc{Curth2023,
  title={A U-turn on Double Descent: Rethinking Parameter Counting in Statistical Learning},
  author={Alicia Curth and Alan Jeffares and Mihaela van der Schaar},
  year={2023},
  eprint={2310.18988},
  archivePrefix={arXiv},
  primaryClass={stat.ML},
  url={https://arxiv.org/abs/2310.18988}
}

@misc{Heckel2020,
      title={Early Stopping in Deep Networks: Double Descent and How to Eliminate it}, 
      author={Reinhard Heckel and Fatih Furkan Yilmaz},
      year={2020},
      eprint={2007.10099},
      archivePrefix={arXiv},
      primaryClass={cs.LG},
      url={https://arxiv.org/abs/2007.10099}, 
}

@misc{Yang2024,
      title={Dropout Drops Double Descent}, 
      author={Tian-Le Yang and Joe Suzuki},
      year={2024},
      eprint={2305.16179},
      archivePrefix={arXiv},
      primaryClass={cs.LG},
      url={https://arxiv.org/abs/2305.16179}, 
}

@misc{Somepalli2022,
      title={Can Neural Nets Learn the Same Model Twice? Investigating Reproducibility and Double Descent from the Decision Boundary Perspective}, 
      author={Gowthami Somepalli and Liam Fowl and Arpit Bansal and Ping Yeh-Chiang and Yehuda Dar and Richard Baraniuk and Micah Goldblum and Tom Goldstein},
      year={2022},
      eprint={2203.08124},
      archivePrefix={arXiv},
      primaryClass={cs.LG},
      url={https://arxiv.org/abs/2203.08124}, 
}

@misc{Singh2022,
      title={Phenomenology of Double Descent in Finite-Width Neural Networks}, 
      author={Sidak Pal Singh and Aurelien Lucchi and Thomas Hofmann and Bernhard Schölkopf},
      year={2022},
      eprint={2203.07337},
      archivePrefix={arXiv},
      primaryClass={stat.ML},
      url={https://arxiv.org/abs/2203.07337}, 
}

@misc{Belkin2021,
      title={Fit without fear: remarkable mathematical phenomena of deep learning through the prism of interpolation}, 
      author={Mikhail Belkin},
      year={2021},
      eprint={2105.14368},
      archivePrefix={arXiv},
      primaryClass={stat.ML},
      url={https://arxiv.org/abs/2105.14368}, 
}

@misc{Ming2020,
      title={The Curious Case of Adversarially Robust Models: More Data Can Help, Double Descend, or Hurt Generalization}, 
      author={Yifei Min and Lin Chen and Amin Karbasi},
      year={2020},
      eprint={2002.11080},
      archivePrefix={arXiv},
      primaryClass={cs.LG},
      url={https://arxiv.org/abs/2002.11080}, 
}

@article{d_Ascoli2021,
   title={Triple descent and the two kinds of overfitting: where and why do they appear?*},
   volume={2021},
   ISSN={1742-5468},
   url={http://dx.doi.org/10.1088/1742-5468/ac3909},
   DOI={10.1088/1742-5468/ac3909},
   number={12},
   journal={Journal of Statistical Mechanics: Theory and Experiment},
   publisher={IOP Publishing},
   author={d’Ascoli, Stéphane and Sagun, Levent and Biroli, Giulio},
   year={2021},
   month=dec, pages={124002} 
}

@misc{Chen2021,
      title={Multiple Descent: Design Your Own Generalization Curve}, 
      author={Lin Chen and Yifei Min and Mikhail Belkin and Amin Karbasi},
      year={2021},
      eprint={2008.01036},
      archivePrefix={arXiv},
      primaryClass={cs.LG},
      url={https://arxiv.org/abs/2008.01036}, 
}

@misc{Davies2023,
      title={Unifying Grokking and Double Descent}, 
      author={Xander Davies and Lauro Langosco and David Krueger},
      year={2023},
      eprint={2303.06173},
      archivePrefix={arXiv},
      primaryClass={cs.LG},
      url={https://arxiv.org/abs/2303.06173}, 
}

@INPROCEEDINGS{Duin2000,
  author={Duin, R.P.W.},
  booktitle={Proceedings 15th International Conference on Pattern Recognition. ICPR-2000}, 
  title={Classifiers in almost empty spaces}, 
  year={2000},
  volume={2},
  number={},
  pages={1-7 vol.2},
  keywords={Space technology;Hilbert space;Testing;Pattern recognition;Physics;Image recognition;Support vector machines;Support vector machine classification;NIST;Image databases},
  doi={10.1109/ICPR.2000.906006}}


@article{Belkin2019,
   title={Reconciling modern machine-learning practice and the classical bias–variance trade-off},
   volume={116},
   ISSN={1091-6490},
   url={http://dx.doi.org/10.1073/pnas.1903070116},
   DOI={10.1073/pnas.1903070116},
   number={32},
   journal={Proceedings of the National Academy of Sciences},
   publisher={Proceedings of the National Academy of Sciences},
   author={Belkin, Mikhail and Hsu, Daniel and Ma, Siyuan and Mandal, Soumik},
   year={2019},
   month=jul, pages={15849–15854} }


@article{Geiger2019,
  title = {Jamming transition as a paradigm to understand the loss landscape of deep neural networks},
  author = {Geiger, Mario and Spigler, Stefano and d'Ascoli, St\'ephane and Sagun, Levent and Baity-Jesi, Marco and Biroli, Giulio and Wyart, Matthieu},
  journal = {Phys. Rev. E},
  volume = {100},
  issue = {1},
  pages = {012115},
  numpages = {17},
  year = {2019},
  month = {Jul},
  publisher = {American Physical Society},
  doi = {10.1103/PhysRevE.100.012115},
  url = {https://link.aps.org/doi/10.1103/PhysRevE.100.012115}
}

@misc{Liu2021,
      title={Loss landscapes and optimization in over-parameterized non-linear systems and neural networks}, 
      author={Chaoyue Liu and Libin Zhu and Mikhail Belkin},
      year={2021},
      eprint={2003.00307},
      archivePrefix={arXiv},
      primaryClass={cs.LG},
      url={https://arxiv.org/abs/2003.00307}, 
}

@inproceedings{WidrowHoff1960,
  author    = {Bernard Widrow and Ted Hoff},
  title     = {Adaptive Switching Circuits},
  booktitle = {1960 IRE WESCON Convention Record, Part 4},
  year      = {1960},
  pages     = {96--104},
  publisher = {Institute of Radio Engineers}
}

@misc{Ravi2024,
      title={The Implicit Bias of Gradient Descent on Separable Multiclass Data}, 
      author={Hrithik Ravi and Clayton Scott and Daniel Soudry and Yutong Wang},
      year={2024},
      eprint={2411.01350},
      archivePrefix={arXiv},
      primaryClass={cs.LG},
      url={https://arxiv.org/abs/2411.01350}, 
}

@misc{Gunasekar2019,
      title={Implicit Bias of Gradient Descent on Linear Convolutional Networks}, 
      author={Suriya Gunasekar and Jason Lee and Daniel Soudry and Nathan Srebro},
      year={2019},
      eprint={1806.00468},
      archivePrefix={arXiv},
      primaryClass={cs.LG},
      url={https://arxiv.org/abs/1806.00468}, 
}

@inproceedings{Vapnik1991,
author = {Vapnik, V.},
title = {Principles of risk minimization for learning theory},
year = {1991},
isbn = {1558602224},
publisher = {Morgan Kaufmann Publishers Inc.},
address = {San Francisco, CA, USA},
booktitle = {Proceedings of the 5th International Conference on Neural Information Processing Systems},
pages = {831–838},
numpages = {8},
location = {Denver, Colorado},
series = {NIPS'91}
}

@misc{Lafon2024,
	title = {Understanding the {Double} {Descent} {Phenomenon} in {Deep} {Learning}},
	url = {http://arxiv.org/abs/2403.10459},
	doi = {10.48550/arXiv.2403.10459},
	publisher = {arXiv},
	author = {Lafon, Marc and Thomas, Alexandre},
	month = mar,
	year = {2024},
	note = {arXiv:2403.10459},
	keywords = {Computer Science - Machine Learning, Computer Science - Computer Vision and Pattern Recognition, Statistics - Machine Learning},
}

@misc{Blum2021,
  author = {Avrim Blum},
  title = {Mathematical Toolkit Spring 2021, Lecture 5},
  year = {2021},
  month = {April 13},
  note = {Notes based on notes from Madhur Tulsiani},
  url = {https://home.ttic.edu/~avrim/Toolkit21/l5%20-%20real%20spectral%20theorem.pdf}  
}

# Artículo
@article {Euler1985,
    AUTHOR = {Euler, Leonhard},
     TITLE = {An essay on continued fractions},
      NOTE = {Translated from the Latin by B. F. Wyman and M. F. Wyman},
   JOURNAL = {Math. Systems Theory},
  FJOURNAL = {Mathematical Systems Theory. An International Journal on
              Mathematical Computing Theory},
    VOLUME = {18},
      YEAR = {1985},
    NUMBER = {4},
     PAGES = {295--328},
      ISSN = {0025-5661},
       DOI = {10.1007/BF01699475},
       URL = {https://doi.org/10.1007/BF01699475},
}

@article{Sejnowski2020TheUE,
  title={The unreasonable effectiveness of deep learning in artificial intelligence},
  author={Terrence J. Sejnowski},
  journal={Proceedings of the National Academy of Sciences},
  year={2020},
  volume={117},
  pages={30033 - 30038},
  url={https://api.semanticscholar.org/CorpusID:210948532}
}

@article{He2020RecentAI,
  title={Recent advances in deep learning theory},
  author={Fengxiang He and Dacheng Tao},
  journal={ArXiv},
  year={2020},
  volume={abs/2012.10931},
  url={https://api.semanticscholar.org/CorpusID:229340623}
}

@book{Pressman1994,
  added-at = {2010-10-13T11:23:56.000+0200},
  author = {Pressman, Roger S.},
  biburl = {https://www.bibsonomy.org/bibtex/24a374b65d62e247c56699d350cb3a9e6/wiljami74},
  edition = {European},
  interhash = {a73382af2bea9739026e38fda3a0682f},
  intrahash = {4a374b65d62e247c56699d350cb3a9e6},
  keywords = {software_engineering},
  note = {Adapted by Darrel Ince},
  publisher = {McGraw-Hill},
  timestamp = {2010-10-13T11:23:56.000+0200},
  title = {Software Engineering: A Practitioner's Approach},
  year = 1994
}

@misc{Li2024,
  author       = {Fei-Fei Li and Justin Johnson and Serena Yeung},
  title        = {CS231n: Deep Learning for Computer Vision},
  year         = {2024},
  howpublished = {Stanford University, Course Website},
  note         = {Lecture 4, Slide 45, \url{http://cs231n.stanford.edu/}}
}

@inproceedings{Neves2018,
author = {Neves, Cláudia and Gonzalez, Ignacio and Leander, John and Karoumi, Raid},
year = {2018},
month = {01},
pages = {73-84},
title = {A New Approach to Damage Detection in Bridges Using Machine Learning},
isbn = {978-3-319-67442-1},
journal = {Lecture Notes in Civil Engineering},
doi = {10.1007/978-3-319-67443-8_5}
}

@misc{Charles2018,
      title={Implicit Self-Regularization in Deep Neural Networks: Evidence from Random Matrix Theory and Implications for Learning}, 
      author={Charles H. Martin and Michael W. Mahoney},
      year={2018},
      eprint={1810.01075},
      archivePrefix={arXiv},
      primaryClass={cs.LG},
      url={https://arxiv.org/abs/1810.01075}, 
}

@article{Marchenko1967,
  author    = {V. A. Marchenko and L. A. Pastur},
  title     = {Distribution of eigenvalues for some sets of random matrices},
  journal   = {Mathematics of the USSR-Sbornik},
  volume    = {1},
  number    = {4},
  pages     = {457--483},
  year      = {1967},
  doi       = {10.1070/SM1967v001n04ABEH000314}
}

# Tesis
@phdthesis{CitekeyPhdthesis,
  author  = {Rempel, Robert Charles},
  title   = {Relaxation Effects for Coupled Nuclear Spins},
  school  = {Stanford University},
  address = {Stanford, CA},
  year    = 1956,
  month   = jun
}

# Trabajo fin de máster
@mastersthesis{CitekeyMastersthesis,
  author  = {Jian Tang},
  title   = {Spin structure of the nucleon in the asymptotic limit},
  school  = {Massachusetts Institute of Technology},
  year    = 1996,
  address = {Cambridge, MA},
  month   = sep
}

# Trabajo fin de grado
@thesis{CiteKeyBachelorsthesis,
  author  = {Doe, John},
  title   = {Are we living in a simulation?},
  school  = {Massachusetts Institute of Technology},
  year    = 2003,
  address = {Cambridge, MA},
  month   = jul,
  type    = {Bachelor's Thesis},
  note    = {Bacherlo's Thesis, Massachusetts Institute of Technology, Cambridge, MA.}
}

# Artículo no publicado
@misc{castroinfantes2022conjugate,
  title         =  {Conjugate Plateau constructions in product spaces}, 
  author        =  {Jesús Castro-Infantes and José M. Manzano and Francisco Torralbo},
  year          =  {2022},
  eprint        =  {2203.13162},
  archivePrefix =  {arXiv},
  primaryClass  =  {math.DG},
  note          =  {Preprint. arXiv: 2203.13162 [math.DG]}
}
